<?xml version="1.0" encoding="UTF-8"?><collection xmlns="http://www.loc.gov/MARC21/slim"><record><leader>00307nam--2200121-i-4500</leader><controlfield tag="001">000008896</controlfield><controlfield tag="002">20161230</controlfield><controlfield tag="005">20161230201028</controlfield><controlfield tag="008">060222s1000------------r-----000-0-eng-d</controlfield><datafield ind1=" " ind2=" " tag="245"><subfield code="a">Progress in inorganic chemistry</subfield></datafield><datafield ind1=" " ind2=" " tag="260"><subfield code="a">New York, Interscience Publ.Inc., 1960</subfield></datafield><datafield ind1=" " ind2=" " tag="700"><subfield code="a">Cotton, Albert F</subfield></datafield><datafield ind1=" " ind2=" " tag="852"><subfield code="a">15936</subfield></datafield></record></collection>